%% This BibTeX bibliography file was created using BibDesk.
%% http://bibdesk.sourceforge.net/


%% Created for Alex Liberzon at 2018-04-25 00:24:47 +0300 


%% Saved with string encoding Unicode (UTF-8) 



@article{Carr:2009,
	Author = {Z.R. Carr; K.A. Ahmed and D.J. Forliti},
	Journal = {Experiments in Fluids},
	Pages = {95-106},
	Title = {{Spatially correlated precision error in digital particle image velocimetry measurements of turbulent flows}},
	Volume = {47},
	Year = 2009}

@article{Guezennec:1990,
	Author = {Y. G. Guezennec and N. Kiritsis},
	Journal = {Experiments in Fluids},
	Pages = {138-146},
	Title = {{Statistical investigation of errors in particle image velocimetry}},
	Volume = {10},
	Year = 1990}

@article{Hart:1998,
	Address = {Lisbon, Portugal},
	Author = {Douglas P. Hart},
	Journal = {9th International Symposium on Applications of Laser Techniques to Fluid Mechanics},
	Month = {July},
	Title = {{The Elimination of Correlation Errors in PIV Processing}},
	Year = 1998}

@article{Huang:1997,
	Address = {UK},
	Author = {H. Huang; D. Dabiri and M. Gharib},
	Journal = {Measurement Science and Technology},
	Month = {September},
	Pages = {1427-1440},
	Title = {{On errors of digital particle image velocimetry}},
	Volume = {8},
	Year = 1997}

@article{Lebaek:2010,
	Author = {Jesper {Leb\ae{}k}; Marcin Blazniak Andreasen; Henrik Assenholm Andresen; Mads Bang and {S\o{}ren} Knudsen {K\ae{}r}},
	Journal = {Journal of Fuel Cell Science and Technology},
	Month = {June},
	Pages = {031001-1 to 031001-10},
	Title = {{Particle Image Velocimetry and Computational Fluid Dynamics Analysis of Fuel Cell Manifold}},
	Volume = {7},
	Year = 2010}

@article{Piirto:2005,
	Author = {M. Piirto; H. Eloranta; P. Saarenrinne and R. Karvinen},
	Journal = {Experiments in Fluids},
	Pages = {571-588},
	Title = {{A comparative study of five different PIV interrogation algorithms}},
	Volume = {39},
	Year = 2005}

@article{Prasad:2000,
	Author = {Ajay K. Prasad},
	Journal = {CURRENT SCIENCE},
	Month = {July},
	Number = {1},
	Pages = {51-60},
	Title = {{Particle image velocimetry}},
	Volume = {79},
	Year = 2000}

@article{Reuss:2002,
	Address = {UK},
	Author = {David L. Reuss; Marcus Megerle and Volker Sick},
	Journal = {Measurement Science and Technology},
	Pages = {1029-1035},
	Title = {{Particle-image velocimetry measurement errors when imaging through a transparent engine cylinder}},
	Volume = {13},
	Year = 2002}

@book{Westerweel:1993,
	Author = {Jerry Westerweel},
	Note = {Thesis Technische Universiteit Delft},
	Publisher = {Delft University Press},
	Title = {{Digital Particle Image Velocimetry: theory and application}},
	Year = 1993}

@article{Westerweel:1997,
	Address = {UK},
	Author = {J. Westerweel},
	Journal = {Measurement Science and Technology},
	Month = {August},
	Pages = {1379-1392},
	Title = {{Fundamentals of digital particle image velocimetry}},
	Volume = {8},
	Year = 1997}

@misc{carlier_2005,
	Author = {J. Carlier},
	Howpublished = {European Project 'Fluid image analisys and description' (FLUID) -- http://www.fluid.irisa.fr/},
	Title = {Second set of fluid mechanics image sequences},
	Year = {2005}}

@article{deKat:2012,
	Author = {R. de Kat, B. W. van Oudheusden},
	Journal = {Experiments in Fluids},
	Pages = {1089-1106},
	Title = {{Instantaneous planar pressure determination from PIV in turbulent flow}},
	Volume = {52},
	Year = 2012}

@article{vanOudheusden:2008,
	Author = {B W. van Oudheusden, F. Scarano, N.P. van Hinsberg, E.W.M. Roosenboom},
	Journal = {Journal of Wind Engineering and Industrial Aerodynamics},
	Pages = {913--922},
	Title = {{Quantitative visualization of the flow around a square-section cylinder at incidence}},
	Volume = {96},
	Year = 2008}

@article{Taylor:2010,
	Author = {Taylor, Z.J. and Gurka,  R.  and Kopp, G.A.  and Liberzon, A. },
	Date-Modified = {2018-04-24 21:24:41 +0000},
	Journal = {Instrumentation and Measurement, IEEE Transactions on},
	Month = {Dec.},
	Note = {\url{http://ieeexplore.ieee.org/stamp/stamp.jsp?tp=&arnumber=5464317&isnumber=5609237}},
	Number = {12},
	Pages = {3262-3269},
	Title = {{Long-Duration Time-Resolved PIV to Study Unsteady Aerodynamics}},
	Volume = {59},
	Year = 2010}

@misc{Liberzon:2009,
	Author = {A. Liberzon, R. Gurka, and Z. Taylor},
	Howpublished = {\url{http://www.openpiv.net}},
	Title = {{OpenPIV Home Page}},
	Year = 2009}

@article{Choo:2010,
	Author = {Yeon Jun Choo, Chul-Hwa Song},
	Journal = {Nuclear Engineering and Design},
	Pages = {2215-2224},
	Title = {{PIV measurements of turbulent jet and pool mixing produced by a steam jet discharge in a subcooled water pool}},
	Volume = {240},
	Year = 2010}

@article{Gono:2012,
	Author = {T. Gono, T. Syuto, T. Yamagata, N. Fujisawa},
	Journal = {Journal of Visualization},
	Pages = {231-240},
	Title = {{Time-resolved scanning stereo PIV measurement of three-dimensional velocity field of highly buoyant jet}},
	Volume = {15},
	Year = 2012}

@article{Hui:2002,
	Address = {New York},
	Author = {Hui Hu, Tetsuo Saga, Toshio Kobayashi, Nobuyuki Taniguchi},
	Journal = {Ann. N.Y. Acad. Sci.},
	Pages = {254-259},
	Title = {{Simultaneous Velocity and Concentration Measurements of a Turbulent Jet Mixing Flow}},
	Volume = {972},
	Year = 2002}

@article{Mi:2007,
	Author = {J. Mi, P. Kalt, G. J. Nathan, C. Y. Wong},
	Journal = {Experiments in Fluids},
	Pages = {625-637},
	Title = {{PIV measurements of a turbulent jet issuing from round sharp-edged plate}},
	Volume = {42},
	Year = 2007}

@article{Schmid:2009,
	Address = {Melbourne, Victoria, Australia},
	Author = {P. J. Schmid, O. Pust},
	Journal = {8TH INTERNATIONAL SYMPOSIUM ON PARTICLE IMAGE VELOCIMETRY - PIV09},
	Month = {August 25-28},
	Title = {{PIV- and image-based flow analysis of a steady and pulsed jet using Dynamic Mode Decomposition }},
	Year = 2009}
